<record><leader>00000cas a2200000 a 4500</leader><controlfield tag="001">50217733</controlfield><controlfield tag="008">020723d19041978mousr ne      0    0ita c</controlfield><datafield ind1=" " ind2=" " tag="010"><subfield code="a">sn2002061479</subfield></datafield><datafield ind1=" " ind2=" " tag="040"><subfield code="a">NYS</subfield><subfield code="b">eng</subfield><subfield code="c">NYS</subfield><subfield code="d">OCLCQ</subfield><subfield code="d">OCLCO</subfield></datafield><datafield ind1="1" ind2=" " tag="029"><subfield code="a">AU@</subfield><subfield code="b">000020622376</subfield></datafield><datafield ind1=" " ind2=" " tag="037"><subfield code="b">Il Pensiero, 2126 Marconi Ave., St. Louis, MO</subfield></datafield><datafield ind1="0" ind2=" " tag="041"><subfield code="a">itaeng</subfield></datafield><datafield ind1=" " ind2=" " tag="042"><subfield code="a">pcc</subfield></datafield><datafield ind1=" " ind2=" " tag="043"><subfield code="a">n-us-mo</subfield></datafield><datafield ind1="0" ind2="3" tag="245"><subfield code="a">Il Pensiero =</subfield><subfield code="b">The Thought.</subfield></datafield><datafield ind1=" " ind2=" " tag="260"><subfield code="a">St. Louis, Mo. :</subfield><subfield code="b">Antonio Lombardo,</subfield><subfield code="c">1904-1978.</subfield></datafield><datafield ind1=" " ind2=" " tag="300"><subfield code="a">v. :</subfield><subfield code="b">ill.</subfield></datafield><datafield ind1="0" ind2=" " tag="362"><subfield code="a">-ann. 74, no. 24 (Dec. 22, 1978).</subfield></datafield><datafield ind1=" " ind2=" " tag="500"><subfield code="a">"Established 1904." Cf. masthead.</subfield></datafield><datafield ind1=" " ind2=" " tag="500"><subfield code="a">"The only Italian newspaper published in the State of Missouri-71 years of continuous Service and Activity," 1975.</subfield></datafield><datafield ind1=" " ind2=" " tag="530"><subfield code="a">Available on microfilm from Center for Migration Studies, Staten Island, N.Y.</subfield></datafield><datafield ind1=" " ind2=" " tag="546"><subfield code="a">In Italian with separate pages in English.</subfield></datafield><datafield ind1=" " ind2="0" tag="650"><subfield code="a">Italian Americans</subfield><subfield code="z">Missouri</subfield><subfield code="z">Saint Louis</subfield><subfield code="v">Newspapers.</subfield></datafield><datafield ind1=" " ind2="0" tag="650"><subfield code="a">Italians</subfield><subfield code="z">Missouri</subfield><subfield code="z">Saint Louis</subfield><subfield code="v">Newspapers.</subfield></datafield><datafield ind1=" " ind2="0" tag="651"><subfield code="a">St. Louis (City) (Mo.)</subfield><subfield code="v">Newspapers.</subfield></datafield><datafield ind1=" " ind2="0" tag="651"><subfield code="a">Saint Louis (Mo.)</subfield><subfield code="v">Newspapers.</subfield></datafield><datafield ind1=" " ind2=" " tag="752"><subfield code="a">United States</subfield><subfield code="b">Missouri</subfield><subfield code="c">St. Louis (City)</subfield><subfield code="d">St. Louis.</subfield></datafield></record>